%%%%%%%%%%%%%%%%%%%%%%%%%%%%%%%
%%%%%%%   Journals     %%%%%%%%
%%%%%%%%%%%%%%%%%%%%%%%%%%%%%%%
% IEEE  (From IEEEabrv.bib)
@STRING{JSSC              = "{IEEE} J. Solid-State Circuits"}
@STRING{JSSC_IF       	  = "{IEEE} J. Solid-State Circuits (IF 2021: 6.126)"}
@STRING{JSSC_SHORT        = "{IEEE JSSC}"}
@STRING{TCASI             = "{IEEE} Trans. Circuits Syst. {I}"}
@STRING{TCAS1_SHORT       = "{IEEE TCAS-I}"}
@STRING{TCASI_IF          = "{IEEE} Trans. Circuits Syst. {I} (IF 2021: 4.14)"}
@STRING{TCASII            = "{IEEE} Trans. Circuits Syst. {II}"}
@STRING{TCAS2_SHORT       = "{IEEE TCAS-II}"}
@STRING{TCASII_IF         = "{IEEE} Trans. Circuits Syst. {II} (IF 2021: 3.691)"}
@STRING{TVLSI             = "{IEEE} Trans. {VLSI} Syst."}
@STRING{TVLSI_SHORT       = "{IEEE TVLSI}"}
@STRING{TVLSI_IF          = "{IEEE} Trans. {VLSI} Syst. (IF 2021: 2.775)"}
@STRING{SENSORS           = "{IEEE} Sensors J."}
@STRING{SENSORS_SHORT     = "{IEEE} Sensors"}
@STRING{SENSORS_IF        = "{IEEE} Sensors J. (IF 2021: 4.325)"}
@STRING{TCAD        	  = "{IEEE} Trans. Comput.-Aided Design Integr. Circuits Syst."}
@STRING{TCAD_SHORT        = "{IEEE} TCAD"}
@STRING{TCAD_IF        	  = "{IEEE} Trans. Comput.-Aided Design Integr. Circuits Syst. (IF 2021: 2.565)"}
@STRING{ACCESS            = "{IEEE} Access"}
@STRING{ACCESS_IF         = "{IEEE} Access (IF 2021: 3.476)"}
@STRING{IEEE_MICRO        = "{IEEE} Micro"}
@STRING{IEEE_MICRO_IF     = "{IEEE} Micro (IF 2021: 2.821)"}
@STRING{TNANO             = "{IEEE} Trans. on Nanotechnology"}
@STRING{TNANO_IF          = "{IEEE} Trans. on Nanotechnology (IF 2021: 2.967)"}
@STRING{TMAG              = "{IEEE} Trans. on Magnetics"}
@STRING{TMAG_IF           = "{IEEE} Trans. on Magnetics (IF 2021: 1.848)"}
@STRING{TNS               = "{IEEE} Trans. Nucl. Sci."}
@STRING{TNS_IF            = "{IEEE} Trans. Nucl. Sci. (IF 2021: 1.703)"}
@STRING{SSCL              = "{IEEE} Solid-State Circuits Letters"}


@STRING{TCASVT            = "{IEEE} Trans. Circuits Syst. Video Technol."}
@STRING{TCAD              = "{IEEE} J. Technol. Comput. Aided Design"}
@STRING{TDMR              = "{IEEE} Trans. Device Mater. Rel."}
@STRING{DTC               = "{IEEE} Des. Test. Comput."}
@STRING{TDSC              = "{IEEE} Trans. Depend. Sec. Comput."}
@STRING{TED               = "{IEEE} Trans. Electron Devices"}



% Elsevier
@STRING{MEJ       = "Microelectronics Journal"}
@STRING{MEJ_IF    = "Microelectronics Journal (IF 2020: 1.605)"}
@STRING{VLSID     = "Integration - The VLSI Journal"}
@STRING{VLSID_IF  = "Integration - The VLSI Journal (IF 2020: 1.211)"}
@STRING{SSE       = "Solid-State Electronics"}
@STRING{SSE_IF    = "Solid-State Electronics (IF 2020: 1.901)"}

% MDPI
@STRING{MDPI_JLPEA        = "{MDPI} J. Low Power Elec. and App."}
@STRING{JLPEA_SHORT       = "{MDPI JLPEA}"}
@STRING{JLPEA_IF          = "{MDPI} J. Low Power Elec. and App."} % No Impact Factor
@STRING{MDPI_SENSORS      = "{MDPI} Sensors"}
@STRING{MDPI_SENSORS_IF   = "{MDPI} Sensors  (IF 2020: 3.576)"}
% ACM
@String{TODAES              = "{ACM} Trans. on Design Automation of Elec. Systems" }
@String{TODAES_SHORT        = "{ACM TODAES}" }
@String{TODAES_IF           = "{ACM} Trans. on Design Automation of Elec. Systems  (IF 2020: 0.964)" }

%%%%%%%%%%%%%%%%%%%%%%%%%%%%%%%
%%%%%%%  Conferences   %%%%%%%%
%%%%%%%%%%%%%%%%%%%%%%%%%%%%%%%
# Usage: booktitle=ISSCC_ # " 2015",
% IEEE
@STRING{ISSCC           = "Proc. of {IEEE} Int. Solid-State Circuits Conference (ISSCC)"}
@STRING{ESSCIRC         = "Proc. of {IEEE} European Solid-State Circuits Conference (ESSCIRC)"}
@STRING{ESSCIRC_SHORT   = "{IEEE ESSCIRC}"}
@STRING{ASSCC           = "Proc. of {IEEE} Asian Solid-State Circuits Conference (A-SSCC)"}
@STRING{IEEEI           = "Proc. of {IEEE} Conv. of Electrical and Electronics Eng. in Israel (IEEEI)"}
@STRING{ISCAS           = "Proc. of {IEEE} Int. Symp. on Circuits and Systems (ISCAS)"}
@STRING{ISCAS_SHORT     = "IEEE ISCAS"}
@STRING{Sensors         = "Proc. of {IEEE} Sensors"}
@STRING{IEEE_SUBVT      = "Proc. of {IEEE} Subthreshold Microelectronics Conference (SubVT)"}
@STRING{IEEE_SOCC       = "Proc. of {IEEE} Int. System-on-Chip Conference (SOCC)"}
@STRING{VLSI_SOC        = "Proc. of {IEEE/IFIP} Int. Conf. on VLSI and System-on-Chip (VLSI-SoC))"}
@STRING{ASQED           = "Proc. of Asia Symp. on Quality Electronic Design (ASQED)"}
@STRING{IEEE_S3S        = "Proc. of {IEEE} SOI-3D-Subthreshold Microelectronics Technology Unified Conference (S3S)"}
@STRING{IEEE_S3S_SHORT  = "{IEEE S3S}"}
@STRING{IEEE_FTFC       = "Proc. of {IEEE} Faible Tension Faible Consommation (FTFC)"}
@STRING{IEEE_NEWCAS     = "Proc. of Int. New Circuits And Systems Conference (NEWCAS)"}
@STRING{ICCD            = "Proc. of Int. Conf. on Computer Design (ICCD)"}
@STRING{HPCA            = "Proc. of {IEEE} Int. Symp. on High Perf. Comp. Architecture (HPCA)"}
@STRING{ISLPED          = "Proc. of {ACM/IEEE} Int. Symp. on Low Power Elec. and Design (ISLPED)"}
@STRING{IEDM            = "Tech. Digest of {IEEE} Int. Electron Devices Meeting (IEDM)"}
@STRING{IOLTS           = "Proc. of {IEEE} Int. On-Line Testing Symposium (IOLTS)"}
@STRING{CICC            = "Proc. of {IEEE} Int. Custom Integrated Circuits Conference (CICC)"}
@STRING{ISQED           = "Proc. of the Int. Symp. on Quality Electronic Design (ISQED)"}
@STRING{IEEE_ICECS      = "Proc. of the {IEEE} Int. Conf. on Electronics Circuits and Systems (ICECS)"}
@STRING{IEEE_ICSEE      = "Proc. of the {IEEE} Int. Conf. on the Science of Electrical Engineering (ICSEE)"}
@STRING{SYMP_VLSI       = "Proc. of the {IEEE} Symp. on {VLSI} Circuits"}
@STRING{SYMP_VLSI_SHORT = "Symp. on {VLSI} Circuits"}

@STRING{VLSI_DAT        = "Proc. Int. Symp. on VLSI Design, Automation and Test (VLSI-DAT)"}
@STRING{VLSI_DAT_SHORT  = "VLSI-DAT"}

% ACM
@STRING{DAC             = "Proc. of the Design Automation Conference (DAC)"}
@STRING{DATE           = "Proc. of the Design, Automation \& Test in Europe Conference \& Exhibition (DATE)"}
@STRING{ASP_DAC         = "Proc. of the Asia and South Pacific Design Automation Conference (ASP-DAC)"}
