% Citations of General, often used papers
%%%%%%%%%%%%%%%%%%%%%%%%%%%%%%
%%%%%   Text Books      %%%%%%
%%%%%%%%%%%%%%%%%%%%%%%%%%%%%%
@book{rabaey2ndEdition,
	title={Digital Integrated Circuits--{A} Design Perspective. 2nd Edition.},
	author={Rabaey, Jan M and Chandrakasan, Anantha and Borivoje, Nikolic},
	year={2003},
	publisher={Prentice-Hall}
}

@book{rabaey2009lowPowerDesign,
  title={Low power design essentials},
  author={Rabaey, Jan M},
  year={2009},
  publisher={Springer}
}

@book{cmosVLSIdesign,
 author = {Weste, Neil and Harris, David},
 title = {{CMOS VLSI Design:} A Circuits and Systems Perspective},
 year = {2010},
 isbn = {0321547748, 9780321547743},
 edition = {4th},
 publisher = {Addison-Wesley Publishing Company},
 address = {USA},
} 

@book{roy2009lowPowerCircuitDesign,
  title={Low-power {CMOS} VLSI circuit design},
  author={Roy, Kaushik and Prasad, Sharat C},
  year={2009},
  publisher={John Wiley \& Sons}
}

%%%%%%%%%%%%%%%%%%%%%%%%%%%%%%%%%%%%%%%%%%%%%%%%
%%%%%   General Important Citations     %%%%%%
%%%%%%%%%%%%%%%%%%%%%%%%%%%%%%%%%%%%%%%%%%%%%%%%
% Moore's Law
@article{moores_law,
	title={Cramming more components onto integrated circuits},
	author={Moore, Gordon E},
	journal={Electronics},
	volume={38},
	pages={114-117},
	year={1965}
}

% IRDS
@MISC{irds,
      title = {{International Roadmap for Devices and Systems - 2020 Update}},
      year = {2020},
      url = {https://irds.ieee.org/},
      author={IEEE}
}

% ITRS
@MISC{itrs,
      title = {{International Technology Roadmap for Semiconductors - 2015 Edition}},
      year = {2015},
      url = {http://www.itrs2.net},
      author={ITRS}
}

@book{hennessy2020computer,
  title={Computer organization and design {RISC-V} edition: The hardware software interface},
  author={Patterson, David A and Hennessy, John L},
  year={2020},
  publisher={Morgan Kaufmann}
}

% Static Power surpasses Dynamic Power
@article{static_surpasses_dynamic,
  title={Leakage current: {Moore's} law meets static power},
  author={Kim, Nam Sung and Austin, Todd and Baauw, David and Mudge, Trevor and Flautner, Kriszti{\'a}n and Hu, Jie S and Irwin, Mary Jane and Kandemir, Mahmut and Narayanan, Vijaykrishnan},
  journal={computer},
  volume={36},
  number={12},
  pages={68--75},
  year={2003},
  publisher={IEEE}
}

% PTM models
@MISC{PTM,
	title = {{ASU PTM Models}},
	url = {http://ptm.asu.edu/},
}

