%%%%%%%%%%%%%%%%%%%%%%%%%%%%%%%%%%%
%%%%%%%%%%%%%% 2008 %%%%%%%%%%%%%%%
%%%%%%%%%%%%%%%%%%%%%%%%%%%%%%%%%%%

@inproceedings{fisher2008digitalIEEEI,
  title={Digital subthreshold logic design-motivation and challenges},
  author="Fisher, Sagi and  Teman, Adam  and Vaysman, Dmitry and Gertsman, Alexander and Yadid-Pecht, Orly and Fish, Alexander ",
  booktitle=IEEEI,
  pages={702--706},
  year={2008},
  organization={IEEE}
}

@inproceedings{teman2008autonomousISCAS,
  title={Autonomous {CMOS} image sensor for real time target detection and tracking},
  author= "Teman, Adam  and Fisher, Sagi and Sudakov, Liby and Fish, Alexander and Pecht, Orly Yadid",
  booktitle=ISCAS,
  pages={2138--2141},
  year={2008},
  organization={IEEE}
}

%%%%%%%%%%%%%%%%%%%%%%%%%%%%%%%%%%%
%%%%%%%%%%%%%% 2009 %%%%%%%%%%%%%%%
%%%%%%%%%%%%%%%%%%%%%%%%%%%%%%%%%%%

@inproceedings{fisher2009subvtffISCAS,
  title={Ultra-low power subthreshold flip-flop design},
  author="Fisher, Sagi and  Teman, Adam  and Vaysman, Dmitry and Gertsman, Alexander and Yadid-Pecht, Orly and Fish, Alexander ",
  booktitle=ISCAS,
  pages={1573--1576},
  year={2009},
  organization={IEEE}
}

@inproceedings{teman2009ab2cSensors,
  title={An Improved {AB}$^2${C} scheme for leakage power reduction in image sensors with on-chip memory},
  author= "Teman, Adam  and Yadid-Pecht, Orly and Fish, Alexander",
  booktitle=Sensors,
  pages={193--196},
  year={2009},
  organization={IEEE}
}






%%%%%%%%%%%%%%%%%%%%%%%%%%%%%%%%%%%
%%%%%%%%%%%%%% 2010 %%%%%%%%%%%%%%%
%%%%%%%%%%%%%%%%%%%%%%%%%%%%%%%%%%%
@article{teman2010largeIJITK,
  title={Large {VLSI} Arrays -- Power and Architectural Perspectives},
  author= "Teman, Adam  and Yadid-Pecht, Orly and Fish, Alexander ",
  journal={International Journal of Information Technologies and Knowledge (IJ ITK)},
  volume={4},
  number={1},
  pages={76--90},
  year={2010},
  publisher={ITHEA}
}

@inproceedings{teman2010subsramIEEEI,
  title={Sub-threshold and Near-threshold {SRAM} Design},
  author= "Teman, Adam  and Fish, Alexander ",
  booktitle=IEEEI,
  pages={000608--000612},
  year={2010},
  organization={IEEE}
}

%%%%%%%%%%%%%%%%%%%%%%%%%%%%%%%%%%%
%%%%%%%%%%%%%% 2011 %%%%%%%%%%%%%%%
%%%%%%%%%%%%%%%%%%%%%%%%%%%%%%%%%%%
@article{teman2011sfsramJSSC,
  title={A 250 {mV} 8 kb 40 nm Ultra-Low Power {9T} Supply Feedback {SRAM (SF-SRAM)}},
  author= "Teman, Adam  and Pergament, Lidor and Cohen, Omer and Fish, Alexander",
  journal=JSSC,
  volume={46},
  number={11},
  pages={2713--2726},
  year={2011},
  publisher={IEEE}
}

@article{teman2011qsram,
  title={A Minimum Leakage Quasi-Static {RAM} Bitcell},
  journal=JLPEA,
  author= "Teman, Adam  and Pergament, Lidor and Cohen, Omer and Fish, A.",
  volume={1},
  number={1},
  pages={204--218},
  year={2011},
  publisher={Molecular Diversity Preservation International}
}


@article{spivak2011powerJLPEA,
  title={Power-Performance Tradeoffs in Wide Dynamic Range Image Sensors with Multiple Reset Approach},
  author="Spivak, Arthur and  Teman, Adam  and Belenky, Alex and Yadid-Pecht, Orly and Fish, Alexander",
  journal=JLPEA,
  volume={1},
  number={1},
  pages={59--76},
  year={2011},
  publisher={Molecular Diversity Preservation International}
}


@inproceedings{mezhibovsky2011scalabilitySOCC,
  title={Low voltage {SRAMs} and the scalability of the {9T} {Supply Feedback} {SRAM}},
  author="Mezhibovsky, Janna and  Teman, Adam  and Fish, Alexander ",
  booktitle=IEEE_SOCC,
  pages={136--141},
  year={2011},
  organization={IEEE}
}


@inproceedings{schwartz2011celementASQED,
  title={Near-threshold 40nm Supply Feedback {C-element}},
  author="Schwartz, Idan  Teman, Adam and Dobkin, Reuven and Fish, Alexander ",
  booktitle=ASQED ,
  pages={74--78},
  year={2011},
  organization={IEEE}
}


%%%%%%%%%%%%%%%%%%%%%%%%%%%%%%%%%%%
%%%%%%%%%%%%%% 2012 %%%%%%%%%%%%%%%
%%%%%%%%%%%%%%%%%%%%%%%%%%%%%%%%%%%
@article{teman2012_5TtcasII,
  title={A 40-nm Sub-Threshold {5T SRAM} Bit Cell With Improved Read and Write Stability},
  author= "Teman, Adam  and Mordakhay, Anatoli and Mezhibovsky, Janna and Fish, Alexander",
  journal=TCASII,
  volume={59},
  number={12},
  pages={873--877},
  year={2012},
  publisher={IEEE}
}

@article{teman2012ab2cSensors,
  title={Leakage Reduction in Advanced Image Sensors Using an Improved {AB}$^2${C} Scheme},
  author= "Teman, Adam  and Yadid-Pecht, Orly and Fish, Alexander",
  journal=SENSORS,
  volume={12},
  number={4},
  pages={773--784},
  year={2012},
  publisher={IEEE}
}

@article{spivak2012lowSensors,
  title={Low-Voltage 96 {dB} Snapshot {CMOS} Image Sensor with 4.5 {nW} Power Dissipation per Pixel},
  author="Spivak, Arthur and  Teman, Adam  and Belenky, Alexander and Yadid-Pecht, Orly and Fish, Alexander",
  journal=MDPI_SENSORS,
  volume={12},
  number={8},
  pages={10067--10085},
  year={2012},
  publisher={Molecular Diversity Preservation International}
}

@inproceedings{mezhibovsky2012statespaceISCAS,
  title={State space modeling for sub-threshold {SRAM} stability analysis},
  author="Mezhibovsky, Janna and  Teman, Adam  and Fish, Alexander ",
  booktitle=ISCAS,
  pages={1823--1826},
  year={2012},
  organization={IEEE}
}


@inproceedings{dagan2012gidlISCAS,
  title={A {GIDL} free tunneling gate driver for a low power non-volatile memory array},
  author="Dagan, Hadar and  Teman, Adam  and Fish, Alexander and Pikhay, Evgeny and Dayan, Vladislav and Roizin, Yakov",
  booktitle=ISCAS,
  pages={452--455},
  year={2012},
  organization={IEEE}
}

@inproceedings{dagan2012lowISCAS,
  title={A low-cost low-power non-volatile memory for {RFID} applications},
  author="Dagan, Hadar and  Teman, Adam  and Pikhay, Evgeny and Dayan, Vladislav and Roizin, Yakov and Fish, Alexander",
  booktitle=ISCAS,
  pages={1827--1830},
  year={2012},
  organization={IEEE}
}

@inproceedings{meinerzhagen2012subgcSubVT,
  title={A Sub-{VT} {2T} Gain-Cell Memory for Biomedical Applications},
  author="Meinerzhagen, Pascal and  Teman, Adam  and Mordakhay, Anatoli and Burg, Andreas and Fish, Alexander ",
  booktitle=IEEE_SUBVT ,
  pages={1--3},
  year={2012},
  organization={IEEE}
}


@inproceedings{teman2012gcreviewIEEEI,
  title={Review and classification of gain cell {eDRAM} implementations},
  author= "Teman, Adam  and Meinerzhagen, Pascal and Burg, Andreas and Fish, Alexander ",
  booktitle=IEEEI,
  pages={1--5},
  year={2012},
  organization={IEEE}
}

@inproceedings{edri2012drvIEEEI,
  title={Data retention voltage detection for minimizing the standby power of {SRAM} arrays},
  author="Edri, Noa and Fraiman, Sharon and  Teman, Adam  and Fish, Alexander ",
  booktitle=IEEEI,
  pages={1--5},
  year={2012},
  organization={IEEE}
}


%%%%%%%%%%%%%%%%%%%%%%%%%%%%%%%%%%%
%%%%%%%%%%%%%% 2013 %%%%%%%%%%%%%%%
%%%%%%%%%%%%%%%%%%%%%%%%%%%%%%%%%%%
@article{teman2013qsramMEJ,
  title={Functionality and stability analysis of a 400 {mV} quasi-static {RAM (QSRAM}) bitcell},
  author= "Teman, Adam  and Mordakhay, Anatoli and Fish, Alexander",
  journal=MEJ,
  volume={44},
  number={3},
  pages={236--247},
  year={2013},
  publisher={Elsevier}
}

@article{dagan2013gidlJSSC,
  title={A Low-Power {DCVSL}-Like {GIDL}-Free Voltage Driver for Low-Cost {RFID} Nonvolatile Memory},
  author="Dagan, Hadar and Teman, Adam and Pikhay, Evgeny and Dayan, Vladislav and Mordakhay, Anatoli and Roizin, Yakov and Fish, Alexander",
  journal=JSSC,
  volume={4},
  number={6},
  pages={1497--1510},
  year={2013},
  publisher={IEEE}
}


@article{teman2013towerJazz,
  title={Zero-Cost Ultra-low Power Non-Volatile Memory Module for {RFID} Applications},  
  author= "Teman, Adam and Dagan, Hadar and Dayan, Vladislav and Pikhay, Evgeny and Roizin, Yakov and Fish, Alexander",
  journal={TowerJazz Technical Journal},
  volume={4},
  pages={46--49},
  year={2013},
  month={July},
}

@article{meinerz2013explorationJLPEA,
  title={Exploration of Sub-{VT} and Near-{VT} {2T} Gain-Cell Memories for Ultra-Low Power Applications under Technology Scaling},  
  author="Meinerzhagen, Pascal and Teman, Adam and Giterman, Robert and Burg, Andreas and Fish, Alexander",
  journal=JLPEA,
  volume={3},
  number={2},
  pages={54--72},
  year={2013},
  publisher={Multidisciplinary Digital Publishing Institute}
}

@article{meinerzh2013bodybiasingJoE,
  title={Impact of body biasing on the retention time of gain-cell memories},
  author="Meinerzhagen, Pascal and Teman, Adam and Fish, Alexander and Burg, Andreas",
  journal={The Journal of Engineering},
  volume={1},
  number={1},
  year={2013},
  publisher={IET Digital Library}
}

@inproceedings{atias2013_13tS3S,
  title={A {13T} radiation hardened {SRAM} bitcell for low-voltage operation},
  author="Atias, Lior and  Teman, Adam  and Fish, Alexander ",
  booktitle=IEEE_S3S ,
  pages={1--2},
  year={2013},
  organization={IEEE}
}

@inproceedings{vaknin2013doublefeedbackS3S,
  title={A Double-Feedback {8T SRAM} bitcell for low-voltage low-leakage operation},
  author="Vaknin, Afik and Yona, Ortal and Teman, Adam",
  booktitle=IEEE_S3S ,
  pages={1--2},
  year={2013},
  organization={IEEE}
}





%%%%%%%%%%%%%%%%%%%%%%%%%%%%%%%%%%%
%%%%%%%%%%%%%% 2014 %%%%%%%%%%%%%%%
%%%%%%%%%%%%%%%%%%%%%%%%%%%%%%%%%%%

@article{teman2014replicaTCASII,
  title={Replica Technique for Adaptive Refresh Timing of Gain-Cell-Embedded {DRAM}},
  author= "Teman, Adam  and Meinerzhagen, Pascal and Giterman, Robert and Fish, Alexander and Burg, Andreas",
  journal=TCASII,
  volume={61},
  number={4},
  pages={259--263},
  year={2014},
  publisher={IEEE}
}

@article{dagan2014rfidJSSC,
  title={A Low-Power Low-Cost 24 {GHz RFID} Tag With a {C-Flash} Based Embedded Memory},
  author="Dagan, Hadar and Shapira, Aviv and Teman, Adam and Mordakhay, Anatoli and Jameson, Samuel and Pikhay, Evgeny and Dayan, Vladislav and Roizin, Yakov and Socher, Eran and Fish, Alexander",
  journal=JSSC,
  year={2014}, 
  volume={49}, 
  number={9}, 
  pages={1942-1957}, 
  publisher={IEEE}
}

@inproceedings{teman2014dynamicFTFC,
  title={Dynamic stability and noise margins of {SRAM} arrays in nanoscaled technologies},
  author= "Teman, Adam",
  booktitle=IEEE_FTFC ,
  pages={1--5},
  year={2014},
  organization={IEEE}
}

@inproceedings{giterman2014_4tISCAS,
  title={{4T} Gain-Cell with internal-feedback for ultra-low retention power at scaled {CMOS} nodes},
  author="Giterman, Robert and  Teman, Adam  and Meinerzhagen, Pascal and Burg, Andreas and Fish, Alexander ",
  booktitle=ISCAS,
  pages={2177--2180},
  year={2014},
  organization={IEEE}
}


%%%%%%%%%%%%%%%%%%%%%%%%%%%%%%%%%%%
%%%%%%%%%%%%%% 2015 %%%%%%%%%%%%%%%
%%%%%%%%%%%%%%%%%%%%%%%%%%%%%%%%%%%

@article{teman2014separatrixTVLSI,
  title={A Fast Modular Method for True Variation-Aware Separatrix Tracing in Nanoscaled {SRAMs}},
  author= "Teman, Adam  and Visotsky, Roman",
  journal=TVLSI,
  year={2015}, 
  volume={23}, 
  number={10}, 
  pages={2034-2042}, 
  publisher={IEEE}
}

@inproceedings{bonetti2015overlapISCAS,
  title={An Overlap-Contention Free True-Single-Phase Clock Dual-Edge-Triggered Flip-Flop},
  author="Bonetti, Andrea and  Teman, Adam  and Burg, Andreas Peter",
  booktitle=ISCAS,
  year={2015}
}

@inproceedings{atias2014setIEEEI,
  title={Single event upset mitigation in low power {SRAM} design},
  author="Atias, Lior and  Teman, Adam  and Fish, Alexander ",
  booktitle=IEEEI,
  pages={1--5},
  year={2014},
  organization={IEEE}
}

@inproceedings{ganapathy2015bitshufflingDAC,
  title={Mitigating the Impact of Faults in Unreliable Memories For Error-Resilient Applications},
  author="Ganapathy, Shrikanth and Karakonstantis, Georgios and  Teman, Adam  and Burg, Andreas",
  booktitle = DAC,
  series = {DAC '15},
  year = {2015},
  isbn = {978-1-4503-3520-1},
  location = {San Francisco, California},
  pages = {102:1--102:6},
  articleno = {102},
  numpages = {6},
  url = {http://doi.acm.org/10.1145/2744769.2744871},
  doi = {10.1145/2744769.2744871},
  acmid = {2744871},
  publisher = {ACM},
  address = {New York, NY, USA},
}

@inproceedings{teman2015energyDATE,
  title={Energy versus data integrity trade-offs in embedded high-density logic compatible dynamic memories},
  author= "Teman, Adam  and Karakonstantis, Georgios and Giterman, Robert and Meinerzhagen, Pascal and Burg, Andreas",
  booktitle=DATE,
  series = {DATE '15},
  year = {2015},
  isbn = {978-3-9815370-4-8},
  location = {Grenoble, France},
  pages = {489--494},
  numpages = {6},
  acmid = {2755864},
  publisher = {EDA Consortium},
  address = {San Jose, CA, USA},
  }


@inproceedings{teman2015controlledASPDAC,
  title={Controlled placement of standard cell memory arrays for high density and low power in 28nm {FD-SOI}},
  author= "Teman, Adam  and Rossi, Davide and Meinerzhagen, Pascal and Benini, Luca and Burg, Andreas",
  booktitle=ASP_DAC ,
  pages={81--86},
  year={2015},
  organization={IEEE}
}

@inproceedings{ganapathy2015approximateNEWCAS,
  title={Approximate Computing With Unreliable Dynamic Memories},
  author="Ganapathy, Shrikanth and  Teman, Adam  and Giterman, Robert and Burg, Andreas Peter and Karakonstantis, Georgios",
  booktitle=IEEE_NEWCAS ,
  year={2015}, 
  pages={1-4}, 
  doi={10.1109/NEWCAS.2015.7182027}, 
  month={June},
}

@inproceedings{giterman2015_4TS3S,
	title={A Soft Error Tolerant {4T} Gain-Cell Featuring a Parity Column for Ultra-Low Power Applications},
	author="Giterman, Robert and  Teman, Adam  and Atias, Lior and Fish, Alexander",
	booktitle=IEEE_S3S ,
	year={2015}, 
	pages={1--2}, 
	month={October},
}


%%%%%%%%%%%%%%%%%%%%%%%%%%%%%%%%%%%
%%%%%%%%%%%%%% 2016 %%%%%%%%%%%%%%%
%%%%%%%%%%%%%%%%%%%%%%%%%%%%%%%%%%%

@article{giterman2015_3Ttvlsi,
  title={Single-Supply {3T} Gain-Cell for Low-Voltage Low-Power Applications},
  author="Giterman, Robert and Teman, Adam and Meinerzhagen, Pascal and Atias, Lior and Burg, Andreas and Fish, Alexander",
  journal=TVLSI,
  year={2016}, 
  volume={24}, 
  number={1}, 
  pages={358-362}, 
  publisher={IEEE}
}

@article{edri2016gcmodelTCASI,
  title={Silicon-Proven Per-Cell Retention Time Distribution Model of Gain-Cell Based {eDRAM}},
  author="Edri, Noa and Meinerzhagen, Pascal and Teman, Adam and Burg, Andreas and Fish, Alexander",
  journal=TCASI,
  year={2016}, 
  volume={63}, 
  number={2}, 
  pages={222-232},
  month={Feb}, 
  publisher={IEEE},
  doi={10.1109/TCSI.2015.2512706}, 
}

@article{atias2016_13T_TVLSI,
  title={A Low-Voltage {13T} Radiation Hardened {SRAM} bitcell for Low-Voltage Operation},
  author="Atias, Lior and Teman, Adam and Giterman, Robert and Meinerzhagen, Pascal and Fish, Alexander",
  journal=TVLSI,
  year={2016}, 
  volume={24}, 
  number={8}, 
  pages={2622-2633}, 
}


@article{teman2016controlledTODAES,
	title={Power, Area, and Performance Optimization of Standard Cell Memory Arrays Through Controlled Placement},
	author= "Teman, Adam and Rossi, Davide and Meinerzhagen, Pascal and Benini, Luca and Burg, Andreas",
	journal=TODAES,
	volume = {21},
	number = {4},
	month = may,
	year = {2016},
	issn = {1084-4309},
	pages = {59:1--59:25},
	articleno = {59},
	numpages = {25},
	doi = {10.1145/2890498},
	acmid = {2890498},
	publisher = {ACM},
	address = {New York, NY, USA},
}

@article{moyal2016dmlsynthesisVLSI,
	title={Synthesis of Dual Mode Logic},
	author="Moyal, Lior and Levi, Itamar and Teman, Adam and Fish, Alexander",
	journal=VLSID,
    volume={55},
    pages={246--253},
    year={2016},
    publisher={Elsevier}
}


@inproceedings{giterman2016improvedreplicaISCAS,
  title={A Process Compensating Gain Cell Embedded {DRAM} for Ultra Low Power Variation Aware Applications},
  author="Giterman, Robert and  Teman, Adam  and Meinerzhagen, Pascal and Burg, Andreas and Fish, Alexander",
  booktitle=ISCAS,
  year={2016},
  pages={1006-1009}, 
  keywords={DRAM chips;embedded systems;integrated circuit design;low-power electronics;GC-eDRAM bitcell;SRAM;array access statistics;data integrity;data retention time;design approach;power overhead;power-hungry refresh cycles;process compensated access tracking;process compensated gain cell embedded-DRAM;process variations;replica scheme;ultra-low-power systems;ultra-low-power variation-aware design}, 
  doi={10.1109/ISCAS.2016.7527413}, 
  month={May},
}



@inproceedings{reza2016wakeupISCAS,
  title={A Low-Power Correlator for Wake-up Receivers with Algorithm Pruning through Early Termination},
  author="Ghanaatian, Reza and Whatmough, Paul and Constantin, Jeremy and  Teman, Adam  and Burg, Andreas",
  booktitle=ISCAS,
  year={2016}, 
  pages={2667-2670}, 
  keywords={CMOS digital integrated circuits;integrated circuit layout;low-power electronics;mathematical analysis;CMOS technology;algorithm pruning;early threshold check;early-termination capability;low overhead hardware architecture;low-complexity low-power digital correlator;mathematical analysis;post layout power analysis;size 0.18 mum;wakeup receivers;Complexity theory;Correlation;Correlators;Heuristic algorithms;Measurement;Power demand;Receivers}, 
  doi={10.1109/ISCAS.2016.7539142}, 
  month={May},
}

@inproceedings{davide2016pulp2CoolChips,
	title={{193 MOPS/mW @ 162 MOPS, 0.32V to 1.15V Voltage Range Multi-Core Accelerator for Energy-Efficient Parallel and Sequential Digital Processing}},
	author="Rossi, Davide and Pullini, Antonio and Loi, Igor and Gautschi, Michael and Gurkaynak, Frank and  Teman, Adam  and Constantin, Jeremy and Burg, Andreas and Miro-Panades, Ivan and Beigne, Edith and Clermidy, Fabien and Abouzeid, Fady and Flatresse, Philippe and Benini, Luca",
	booktitle={Proc. IEEE Symp. on Low-Power and High-Speed Chips (COOL CHIPS XIX)}, 
	pages={1-3}, 
	month={April},
	year={2016},
	doi={10.1109/CoolChips.2016.7503670}, 
}

@inproceedings{jeremy2016dynorESSCIRC,
	title={{DynOR: A 32-bit Microprocessor in 28 nm FD-SOI with Cycle-By-Cycle Dynamic Clock Adjustment}},
	author="Constantin, Jeremy and Bonetti, Andrea and  Teman, Adam  and Mueller, Christroph and Schmid, Lorenz and Burg, Andreas",
	booktitle=ESSCIRC,
    pages={261--264}, 
    month={September},
	year={2016},
}






%%%%%%%%%%%%%%%%%%%%%%%%%%%%%%%%%
%%%%%%%%%%%% 2017 %%%%%%%%%%%%%%%
%%%%%%%%%%%%%%%%%%%%%%%%%%%%%%%%%

@ARTICLE{giterman2017CDMR, 
	author="Giterman, Robert and Atias, Lior and  Teman, Adam", 
	journal=TVLSI, 
	title={Area and Energy-Efficient Complementary Dual-Modular Redundancy Dynamic Memory for Space Applications}, 
	year={2017}, 
	volume={25}, 
	number={2}, 
	pages={502-509}, 
	keywords={CMOS memory circuits;SRAM chips;radiation hardening (electronics);redundancy;CMOS technology;complementary dual-modular redundancy dynamic memory;error-correction capability;per-bit error detection capability;size 65 nm;soft-error tolerant embedded memory;space applications;Inverters;Memory management;Power demand;Redundancy;SRAM cells;Transistors;Embedded dynamic random access memory (eDRAM);gain cell;low power;radiation hardening;single event upset (SEU);soft errors;space applications;static RAM (SRAM)}, 
	doi={10.1109/TVLSI.2016.2603923}, 
	ISSN={1063-8210}, 
	month={Feb},}


@article{amit2017idsramTVLSI,
	title={An {0.65 V 500 MHz} Integrated Dynamic and Static {RAM (iD-SRAM)} for Video Applications},
	author="Kazimirsky, Amit and Teman, Adam and Edri, Noa and Fish, Alexander",
	journal=TVLSI,
	year={2017},
	volume={25},
	number={9},
	pages={2411--2418},
	keywords={Arrays;Memory management;Power demand;Random access memory;Robustness;Topology;Approximate computing;DRAM;PPA tradeoff;SRAM;hybrid memory;integrated dynamic and static random access memory (iD-SRAM);low power;video decoding.}, 
	doi={10.1109/TVLSI.2017.2712613}, 
	ISSN={1063-8210}, 
	month={},
}



@article{bonetti2017detTODAES,
  author="Bonetti, Andrea and Preyss, Nicholas and Teman, Adam and Burg, Andreas",
	title = {Automated Integration of Dual-Edge Clocking for Low-Power Operation in Nanometer Nodes},
	journal = TODAES,
	issue_date = {May 2017},
	volume = {22},
	number = {4},
	month = may,
	year = {2017},
	issn = {1084-4309},
	pages = {62:1--62:20},
	articleno = {62},
	numpages = {20},
	url = {http://doi.acm.org/10.1145/3054744},
	doi = {10.1145/3054744},
	acmid = {3054744},
	publisher = {ACM},
	address = {New York, NY, USA},
	keywords = {Dual-edge-triggered clocking, clock distribution, digital VLSI circuits, low-power design, nanometer nodes},
} 


@ARTICLE{bonetti2017multipliersTCASI, 
	author="Bonetti, Andrea and Teman, Adam and P. Flatresse and Burg, Andreas", 
	journal=TCASI, 
	title={Multipliers-Driven Perturbation of Coefficients for Low-Power Operation in Reconfigurable {FIR} Filters}, 
	year={2017}, 
	volume={64}, 
	number={9}, 
	pages={2388-2400},  
	keywords={Adders;Degradation;Finite impulse response filters;Power demand;Runtime;Switches;Topology;FIR filters;VLSI signal processing;approximate computing;digital multipliers;low-power design}, 
	doi={10.1109/TCSI.2017.2698138}, 
	ISSN={1549-8328}, 
	month={Sept},
}



@article{rossi2017micro,
	title={{Energy-Efficient Near-Threshold Parallel Computing: The PULPv2 Cluster}},
	author="Rossi, Davide and Pullini, Antonio and Loi, Igor and Gautschi, Michael and Kagan Gurkaynak, Frank and  Teman, Adam and Constantin, Jeremy and Burg, Andreas and  Miro-Panades, Ivan and Beign\'e, Edith and Clermidy, Fabien and Abouzeid, Fady and Flatresse, Phillipe and Benini, Luca",
	journal=IEEE_MICRO,
	year={2017},
	volume={37}, 
	number={5}, 
	pages={20-31}, 
	keywords={Energy efficiency;Low power electronics;Memory management;Power system management;Random access memory;Reduced instruction set computing;System-on-chip;UTBB FD-SOI;body biasing;energy efficiency;parallel processing;power management}, 
	doi={10.1109/MM.2017.3711645}, 
	ISSN={0272-1732}, 
	month={September},
}


@ARTICLE{meinerzhagen2017hybridTCASII, 
	author="Giterman, Robert and Teman, Adam and Meinerzhagen, Pascal",
	journal=TCASII, 
	title={{Hybrid GC-eDRAM/SRAM Bitcell for Robust Low-Power Operation}}, 
	year={2017}, 
	volume={64}, 
	number={12}, 
	pages={1362-1366}, 
	keywords={Bandwidth;Hybrid power systems;Latches;Logic gates;Random access memory;Robustness;Transistors;SRAM;embedded DRAM;gain-cells;hybrid memory;internal refresh;low power}, 
	doi={10.1109/TCSII.2017.2768102}, 
	ISSN={1549-7747}, 
	month={Dec},
}


@INPROCEEDINGS{giterman2017dafnaESSCIRC, 
	author="Giterman, Robert and Fish, Alexander and Geuli, Narkis and Mentovich, Elad and Burg, Andreas and Teman, Adam",
	booktitle=ESSCIRC, 
	title={{An 800 Mhz mixed-VT 4T gain-cell embedded DRAM in 28 nm CMOS bulk process for approximate computing applications}}, 
	year={2017}, 
	volume={}, 
	number={}, 
	pages={308-311}, 
	keywords={CMOS technology;Computer architecture;Decoding;Microprocessors;Noise measurement;Random access memory;Transistors}, 
	doi={10.1109/ESSCIRC.2017.8094587}, 
	ISSN={}, 
	month={Sept},
}

@inproceedings{meinerzhagen2017hybridISCAS,
	title={{Highly Configurable Hybrid GC-eDRAM/SRAM Bitcell for Robust Low-Power Operation}},
	author="Meinerzhagen, Pascal and Giterman, Robert and Teman, Adam",
	booktitle=ISCAS,
	year={2017},
}


@inproceedings{giterman2017_5Ts3s,
	title={{A 11.5pW/bit 400mV 5T Gain-Cell eDRAM for ULP Applications in 28nm FD-SOI}},
	author="Giterman, Robert and Fish, Alexander and Teman, Adam",
	booktitle=IEEE_S3S,
	year={2017},
}

%%%%%%%%%%%%%%%%%%%%%%%%%%%%%%%%%
%%%%%%%%%%%% 2018 %%%%%%%%%%%%%%%
%%%%%%%%%%%%%%%%%%%%%%%%%%%%%%%%%

@book{meinerzhagen2018gainCellBook,
	title={{Gain-Cell Embedded DRAMs for Low-Power VLSI Systems-on-Chip}},
	author="Meinerzhagen, Pascal and Teman, Adam and Giterman, Robert and Edri, Noa and Burg, Andreas and Fish, Alexander",
	year={2018},
	publisher={Springer International Publishing},
	isbn      = {978-3-319-60401-5 (Print) 978-3-319-60402-2 (Online)}
}

@ARTICLE{reza2018LDPC_TVLSI, 
	author="Ghanaatian, Reza and Balatsoukas-Stimming, Alexios and Muller, Christoph and Meidlinger, Michael and Matz, Gerald and Teman, Adam and Burg, Andreas",
	journal=TVLSI, 
	title={{A 588-Gb/s LDPC Decoder Based on Finite-Alphabet Message Passing}}, 
	year={2018}, 
	volume={26}, 
	number={2}, 
	pages={329-340}, 
	doi={10.1109/TVLSI.2017.2766925}, 
	ISSN={1063-8210}, 
	month={Feb},
}

@ARTICLE{giterman2018_4TdynorTCASI, 
	author="Giterman, Robert and Fish, Alexander and Burg, Andreas and  Teman, Adam", 
	journal=TCASI, 
	title={{A 4-Transistor nMOS-Only Logic-Compatible Gain-Cell Embedded DRAM With Over 1.6-ms Retention Time at 700 mV in 28-nm FD-SOI}}, 
	year={2018}, 
	volume={65}, 
	number={4}, 
	pages={1245-1256}, 
	doi={10.1109/TCSI.2017.2747087}, 
	ISSN={1549-8328}, 
	month={April},
}

@ARTICLE{giterman2018dafnaJSSC, 
	author="Giterman, Robert and Fish, Alexander and Geuli, Narkis and Mentovich, Elad and Burg, Andreas and  Teman, Adam", 
	journal=JSSC, 
	title={{An 800MHz Mixed-VT 4T IFGC Embedded DRAM in 28nm CMOS Bulk Process for Approximate Storage Applications}}, 
	year={2018}, 
	volume={53}, 
	number={7}, 
	pages={2136-2148}, 
	doi={10.1109/JSSC.2018.2820145}, 
	ISSN={0018-9200}, 
	month={July},
}

@article{giterman2018gcPUF_TCASI,
	title={{Gain-Cell Embedded DRAM Based Physical Unclonable Function}},
	author="Giterman, Robert and Weitzman, Yoav and  Teman, Adam", 
	journal=TCASI,
	year={2018}, 
	volume={65}, 
	number={12}, 
	pages={4208-4218}, 
	keywords={cryptography;DRAM chips;Monte Carlo methods;GC-eDRAM arrays;intrinsic PUF;leakage mechanism;gain-cell embedded DRAM-based physical unclonable function;physical unclonable functions;hardware-secured systems;chip identification;encryption keys;PUF implementations;SRAM memory technology;logic-compatible gain-cell embedded DRAM;embedded memories;inter-die Hamming distance;data retention time;temperature 0.0 degC to 85.0 degC;Random access memory;Arrays;Transistors;Logic arrays;Leakage currents;Standards;Authentication;Physical unclonable functions;gain-cell embedded DRAM;data retention time;SRAM;eDRAM}, 
	doi={10.1109/TCSI.2018.2838331}, 
	ISSN={1549-8328}, 
	month={Dec},}
}

	
@inproceedings{bonetti2018_TMS_ISCAS,
	title={{A Timing-Monitoring Sequential for Forward and Backward Error-Detection in 28 nm FD-SOI}},
	author="Bonetti, Andrea and Constantin, Jeremy and  Teman, Adam  and Burg, Andreas",
	booktitle=ISCAS,
	year={2018},
	doi={10.1109/ISCAS.2018.8351043}, 
	ISSN={2379-447X}, 
	month={May},
}


@inproceedings{bonetti2018_multipliersISCAS,
	title={{Multipliers-Driven Perturbation of Coefficients for Low-Power Operation in Reconfigurable FIR Filters}},
	author="Bonetti, Andrea and   Teman, Adam  and Flatresse, Philippe and Burg, Andreas",
	booktitle=ISCAS,
	year={2018},
}


@inproceedings{giterman2018_4T_ISCAS,
	title={{A 4-Transistor NMOS-Only Logic-Compatible Gain-Cell Embedded DRAM with Over 1.6ms Retention Time at 700mV in 28nm FD-SOI}},
	author="Giterman, Robert and Fish, Alexander and Burg, Andreas and Teman, Adam",
	booktitle=ISCAS,
	year={2018},
}	

@inproceedings{giterman2018_dafnaISCAS,
	title={{Live Demonstration: an 800 Mhz Gain-Cell Embedded DRAM in 28 nm CMOS Bulk Process for Approximate Computing Applications}},
	author="Giterman, Robert and Golman, Roman and Maltabashi, Or and Fish, Alexander and Teman, Adam",
	booktitle=ISCAS,
	year={2018}, 
	doi={10.1109/ISCAS.2018.8351513}, 
	ISSN={2379-447X}, 
	month={May},
}


@INPROCEEDINGS{maltabashi2018_ternaryISCAS, 
	author="Maltabashi, Or and Marinberg, Hanan and Giterman, Robert and Teman, Adam", 
	booktitle=ISCAS, 
	title={{A 5-Transistor Ternary Gain-Cell eDRAM with Parallel Sensing}}, 
	year={2018}, 
	volume={}, 
	number={}, 
	pages={1-5}, 
	doi={10.1109/ISCAS.2018.8351360}, 
	ISSN={2379-447X}, 
	month={May},
}


% S3S 2018
@inproceedings{giterman2018_2T_S3S,
	title={{A 14.3pW Sub-Threshold 2T Gain-Cell eDRAM for Ultra-Low Power IoT Applications in 28nm FD-SOI}},
	author="Giterman, Robert and Fish, Alexander and Teman, Adam",
	booktitle=IEEE_S3S,
	year={2018},
	pages={1-2},
	doi={10.1109/S3S.2018.8640130},
	ISSN={2573-5926},
	month={Oct},
}	

% ICSEE 2018
@inproceedings{golman2018_NWL_ICSEE,
	title={{A Dual-Negative Word-Line Technique for Improving Read Access in GC-eDRAM Arrays}},
	author="Golman, Roman and Giterman, Robert and  Teman, Adam", 
	booktitle=IEEE_ICSEE,
	location={Eilat, Israel},
	year={2018}, 
	month={December},
}

% ICECS 2018
@inproceedings{golman2018_multiportICECS,
	title={{Configurable Multi-Port Dynamic Bitcell with Internal Refresh Mechanism}},
	author="Golman, Roman and Giterman, Robert and Teman, Adam",
	booktitle=IEEE_ICECS,
	pages={589-592},
	year={2018},
	doi={10.1109/ICECS.2018.8617861},
	ISSN={null},
	month={Dec},
}	

@inproceedings{shalom2018_scalingGCeDRAM_ICECS,
	title={{High Density GC-eDRAM Design in 16nm FinFET}},
	author="Shalom, Amir and Giterman, Robert and Teman, Adam",
	booktitle=IEEE_ICECS,
	year={2018},
	pages={585-588},
	doi={10.1109/ICECS.2018.8618019},
	ISSN={null},
	month={Dec},
}	

%%%%%%%%%%%%%%%%%%%%%%%%%%%%%%%%%
%%%%%%%%%%%% 2019 %%%%%%%%%%%%%%%
%%%%%%%%%%%%%%%%%%%%%%%%%%%%%%%%%

@article{giterman2019_EDAC_Access,
	title={Improving Energy-Efficiency in Dynamic Memories Through Retention Failure Detection},
	author="Giterman, Robert and Golman, Roman and  Teman, Adam", 
	journal=ACCESS,
	year={2019},
	volume={7}, 
	number={}, 
	pages={27641-27649}, 
	keywords={DRAM chips;energy conservation;error detection;failure analysis;fault diagnosis;integrated circuit reliability;low-power electronics;power consumption;redundancy;SRAM chips;per-bit error detection;refresh-rate;conventional SRAM;dynamic memories;retention failure detection;gain-cell embedded DRAM;GC-eDRAM;conventional static random access memory;embedded memories;two-ported operation;periodic refresh cycles;extreme operating conditions;memory availability;4T dynamic complementary dual-modular redundancy bitcell;energy-efficiency;refresh power consumption;integrated error correction codes;latency reductions;Random access memory;Error correction codes;Arrays;Power demand;Memory management;Very large scale integration;MOSFET;Error detection and correction;error correcting codes;SRAM;gain cells;logic-compatible eDRAM;GC-eDRAM;low power}, 
	doi={10.1109/ACCESS.2019.2901738}, 
	ISSN={2169-3536}, 
	month={},}
}


@article{giterman2019_bodybiasTCASII,
	title={{GC-eDRAM with Body-Bias Compensated Readout and Error Detection in 28nm FD-SOI}},
	author="Giterman, Robert and Bonetti, Andrea and Burg, Andreas and  Teman, Adam", 
	journal=TCASII,
	volume={66},
	number={12},
	pages={2042-2046}, 
	year={2019},
	keywords={Inverters;Discharges (electric);Random access memory;Switches;Clocks;Circuits and systems;Timing}, 
	doi={10.1109/TCSII.2019.2896164},
	ISSN={1558-3791},
	month={Dec}, 
}


@article{maltabashi2019_CDP_TCAD,
	title={Physically-aware Affinity-driven Multiplier Implementation},
	author="Maltabashi, Or and Kra, Yehuda and  Teman, Adam", 
	journal=TCAD,
	year={2020},
  volume={39},
  number={10},
  pages={2886-2897},
	keywords={Adders;Logic gates;Standards;Integrated circuits;Hardware;Clustering algorithms;Routing}, 
	doi={10.1109/TCAD.2019.2931185}, 
	ISSN={0278-0070}, 
}


@inproceedings{monk2019_TEMPO_VLSI_DAT,
	title={{TEMPO: Thermal-Efficient Management of Power in High-Throughput Network Switches}},
	author="Monk, Tom and Kugler, Hillel and Maori, Ofir and Teman, Adam",
	booktitle=VLSI_DAT,
	year={2019},
	doi={10.1109/VLSI-DAT.2019.8741684}, 
	ISSN={2472-9124}, 
	month={April},
	  pages={1-4},
}	




@inproceedings{shalom2019_ULPeDRAM_S3S,
	title={{A 9pW/bit 400mV 3T Gain-Cell eDRAM for ULP Applications in 28 nm FD-SOI}},
	author="Shalom, Amir and Fish, Alex and Teman, Adam",	
	booktitle=IEEE_S3S,
	year={2019},
	month={October},
	pages={1-2},
    doi={10.1109/S3S46989.2019.9320704}
}




%%%%%%%%%%%%%%%%%%%%%%%%%%%%%%%%%
%%%%%%%%%%%% 2020 %%%%%%%%%%%%%%%
%%%%%%%%%%%%%%%%%%%%%%%%%%%%%%%%%

@article{bonetti2020_GEMTOO_TVLSI,
	title={{Gain-Cell Embedded DRAMs: Modeling and Design Space}},
	author="Bonetti, Andrea and Golman, Roman and Giterman, Robert and Teman, Adam and Burg, Andreas",
	journal=TVLSI,
	year={2020},
    volume={28},
    number={3},
    pages={646-659},
    doi={10.1109/TVLSI.2019.2955933}
}




@article{vana2020_C2TIG_TNANO,
	title={{C}$^2${MOS} Design with {Three-Independent-Gate Field Effect Transistors}},
	author="Vana, Daniel and Gaillardon, Pierre-Emanuel and  Teman, Adam", 
	journal=TNANO,
    year={2020},
    volume={19},
    number={},
    pages={123-136},
    doi={10.1109/TNANO.2020.2965119},
    ISSN={1941-0085},
    month={},
}

@article{giterman2020_DRTcharacterization_TCASI,
	title={{Current-Based Data-Retention-Time Characterization of Gain-Cell Embedded DRAMs across the Design and Variations Space}},
	author="Giterman, Robert and Bonetti, Andrea and Noy, Tzachi and  Teman, Adam and Burg, Andreas",
	journal=TCASI,
	year={2020},
    volume={67},
    number={4},
    pages={1207-1217},
    doi={10.1109/TCSI.2020.2971695}
}


  


@article{noy2020_FIFO_TCAS,
	title={Design of a Refresh-Controller for {GC-eDRAM based FIFOs}},
	author="Noy, Tzachi and  Teman, Adam", 
	journal=TCASI,
	year={2020},
	volume={67},
    number={12},
    pages={4804-4817},
    doi={10.1109/TCSI.2020.2998582}
}


@ARTICLE{giterman2020_SoC2_SSCL,
	author="Giterman, Robert and Shalom, Amir and Burg, Andreas and Fish, Alexander and  Teman, Adam", 
	journal=SSCL,
	title={{A 1 Mbit Fully Logic-Compatible 3T Gain-Cell Embedded DRAM in 16nm FinFET}},
	year={2020},
	volume={3},
    number={},
    pages={110-113},
    doi={10.1109/LSSC.2020.3006496}
}


@ARTICLE{haran2020_13T_TNS,
	author="Haran, Avner and Keren, Eitan and David, David and Refaeli, Nati and Giterman, Robert and Assaf, Matan and Atias, Lior and Teman, Adam and Fish, Alexander",
	journal=TNS,
	title={Single Event Upset Tolerance Study of a Low Voltage {13T} Radiation-Hardened {SRAM} Bitcell},
	year={2020},
	volume={67},
    number={8},
    pages={1803-1812},
    doi={10.1109/TNS.2020.3002654}
}


@inproceedings{kra2020wavePro_DATE,
	title={WavePro: Clock-less Wave-Propagated Pipeline Compiler for Low-Power and High-Throughput Computation},
	author="Kra, Yehuda and Noy, Tzachi and Teman, Adam",
  	booktitle=DATE,
	series = {DATE '20},
	year={2020},
	pages={1291-1294},
}


@INPROCEEDINGS{golman2020_DualNegativeISCAS, 
	title={{Improved Read Access in GC-eDRAM Memory by Dual-Negative Word-Line Technique}}, 
	author="Golman, Roman and Harel, Odem and Giterman, Robert and Teman, Adam", 
	booktitle=ISCAS,
	year={2020},
	month={May},
	doi={10.1109/ISCAS45731.2020.9180875}
}


@inproceedings{giterman2020_bodybiasISCAS,
	title={{GC-eDRAM with Body-Bias Compensated Readout and Error Detection in 28nm FD-SOI}},
	author="Giterman, Robert and Bonetti, Andrea and Burg, Andreas and Teman, Adam",
	booktitle=ISCAS,
	year={2020},
	month={May},
	doi={10.1109/ISCAS45731.2020.9180997}
}


@inproceedings{bonetti2020_GEMTOO_ISCAS,
	title={{Gain-Cell Embedded DRAMs: Modeling and Design Space}},
	author="Bonetti, Andrea and Golman, Roman and Giterman, Robert and  Teman, Adam  and Burg, Andreas",
	booktitle=ISCAS,
	year={2020},
	month={May},
	doi={10.1109/ISCAS45731.2020.9180999}
}



%%%%%%%%%%%%%%%%%%%%%%%%%%%%%%%%%
%%%%%%%%%%%% 2021 %%%%%%%%%%%%%%%
%%%%%%%%%%%%%%%%%%%%%%%%%%%%%%%%%


@ARTICLE{garzon2021_CryoSTT_TNANO,
	author="Garzón, Esteban and De Rose, Raffaele and Crupi, Felice and Teman, Adam and Lanuzza, Marco",
	journal=TNANO,
	title={{Exploiting STT-MRAMs for Cryogenic Non-Volatile Cache Applications}},
	year={2021},
	volume={20},
    number={},
    pages={123-128},
    doi={10.1109/TNANO.2021.3049694}
}



@article{garzon2021_DMTJ_TMAG,
	title={{Simulation Analysis of DMTJ-Based STT-MRAM Operating at Cryogenic Temperatures}},
	author="Garzón, Esteban and De Rose, Raffaele and Crupi, Felice and Carpentieri, Mario and Teman, Adamand Lanuzza, Marco",
	journal=TMAG,
	year={2021},
    volume={57},
    number={7},
    pages={1-6},
    doi={10.1109/TMAG.2021.3073861}
  }



@article{avnon2021_quantumCap_SSE,
    title = {Quantum capacitance transient phenomena in high-k dielectric armchair graphene nanoribbon field-effect transistor model},
    author = "Asaf Avnon and Roman Golman and Esteban Garzón and Ha-Duong Ngo and Marco Lanuzza and  Teman, Adam", 
    journal = SSE,
    volume = {184},
    pages = {108060},
    year = {2021},
    issn = {0038-1101},
    doi = {https://doi.org/10.1016/j.sse.2021.108060},
    url = {https://www.sciencedirect.com/science/article/pii/S0038110121001052},
}

@article{garzon2021_cryoDMTJ_SSE,
    title = {{Relaxing non-volatility for energy-efficient DMTJ based cryogenic STT-MRAM}},
    author = "Esteban Garzón and Raffaele {De Rose} and Felice Crupi and Lionel Trojman and Teman, Adam  and Marco Lanuzza",
    journal = SSE,
    volume = {184},
    pages = {108090},
    year = {2021},
    issn = {0038-1101},
    doi = {https://doi.org/10.1016/j.sse.2021.108090},
    url = {https://www.sciencedirect.com/science/article/pii/S0038110121001350},
}

@ARTICLE{golman2021_refreshAlgo_Access,
  author="Golman, Roman and Nachum, Netanel and Cohen, Tomer and Giterman, Robert and  Teman, Adam", 
  journal=ACCESS, 
  title={Refresh Algorithm for Ensuring 100\% Memory Availability in {Gain-Cell} embedded {DRAM} Macros}, 
  year={2021},
  volume={9},
  number={},
  pages={105831-105840},
  doi={10.1109/ACCESS.2021.3099970}}



@article{garzon2021_CryoGC_TVLSI,
	  title={{Gain-Cell Embedded DRAM Under Cryogenic Operation - A First Study}},
	  author="Garzón, Esteban and Grinblatt, Yosi and Harel, Odem and Lanuzza, Marco and  Teman, Adam", 
	  journal=TVLSI,
      year={2021},
      volume={29},
      number={7},
      pages={1319-1324},
      doi={10.1109/TVLSI.2021.3081043}	
}


@inproceedings{kra2021wavePro2_DATE,
	title={{WP 2.0: Signoff-Quality Implementation and Validation of Energy-Efficient Clock-Less Wave Propagated Pipelining}},
	author="Kra, Yehuda and Noy, Tzachi and Teman, Adam",
	booktitle=DATE,
	series = {DATE '21},
	year={2021},
    volume={},
    number={},
    pages={1574-1579},
    doi={10.23919/DATE51398.2021.9474027}
}


@inproceedings{levy2021_4T_ISCAS,
	title={{4T Gain-Cell Providing Unlimited Availability Through Hidden Refresh with 1W1R Functionality}},
	author="Levy, Einat and Sfez, Aharon and Golman, Roman and Harel, Odem and Teman, Adam",
	booktitle=ISCAS,
	year={2021},
	month={May},
	pages={1-4},
    doi={10.1109/ISCAS51556.2021.9401416}
}



@inproceedings{avnon2021_GNR_INFOS,
	title={{Quantum Capacitance Transient Phenomena in High-K dielectric Armchair Graphene Nanoribbon Field-Effect Transistor Model}},
	author="Avnon, Asaf and Golman, Roman and Garzon, Esteban and Ngo, Hai-Dang and Lanuzza, Marco and Teman, Adam",
	booktitle="Insulating Films on Semiconductors (INFOS)",
	year={2021},
	pages={pp},
}

@inproceedings{garzon2021_relaxing_INFOS,
	title={{Relaxing Non-Volatility for Energy-Efficient DMTJ Based Cryogenic STT-MRAM}},
	author="Garzon, Esteban and De Rosea, Raffaele and Crupia, Felice and Trojmanc, Lionel and  Teman, Adam and Lanuzza, Marco",
	booktitle="Insulating Films on Semiconductors (INFOS)",
	year={2021},
	pages={pp},
}

@inproceedings{giterman2021_SoC2_ESSCIRC,
	author="Giterman, Robert and Shalom, Amir and Burg, Andreas and Fish, Alexander and Teman, Adam",
	booktitle=ESSCIRC,
	title={{A 1 Mbit Fully Logic-Compatible 3T Gain-Cell Embedded DRAM in 16nm FinFET}},
	year={2021},
	month={Sep},
    pages={pp},
}

@inproceedings{kra2021Micro_SRC,
    title={{HAMSA-DI: A dual-issue RISC-V core for embedded neural network acceleration}},
	author="Kra, Yehuda and Teman, Adam",
	booktitle= {MICRO-54},
	series= {Student Research Competition (SRC) - Semifinalist},
	year={2021},
    volume={},
    number={},
}


@inproceedings{yavits2021Micro_SRC,
    title={{EDCAM: Edit Distance Tolerant Content-Addressable Memory}},
	author="Hanhan, Robert and Yavits, Leonid and Jahshan, Zuher and Garzon, Esteban and Lanuzza, Marco and  Teman, Adam and Ginosar, Ran",
	booktitle= {MICRO-54},
	series= {Student Research Competition (SRC) - Semifinalist},
	year={2021},
    volume={},
    number={},
}

%%%%%%%%%%%%%%%%%%%%%%%%%%%%%%%%%
%%%%%%%%%%%% 2022 %%%%%%%%%%%%%%%
%%%%%%%%%%%%%%%%%%%%%%%%%%%%%%%%%

@Article{esteban2022electronics,
    AUTHOR = "Garzón, Esteban and Teman, Adam and Lanuzza, Marco",
    TITLE = {Embedded Memories for Cryogenic Applications},
    JOURNAL = {MDPI Electronics},
    VOLUME = {11},
    YEAR = {2022},
    NUMBER = {1},
    ARTICLE-NUMBER = {61},
    URL = {https://www.mdpi.com/2079-9292/11/1/61},
    ISSN = {2079-9292},
    DOI = {10.3390/electronics11010061}
}
	
@article{teman2022wiley_emerging,
 title={{Emerging Memory Structures for VLSI Circuits}},
 author="Garzon, Esteban and Yavits, Leonid and Lanuzza, Marco and  Teman, Adam", 
 journal={Wiley Encyclopedia of Electrical and Electronics Engineering},
 year={2022},
}

@article{leonid2022_HDCAM_Access,
	  title={{Hamming Distance Tolerant Content-Addressable Memory (HD-CAM) for Approximate Matching Applications}},
	  author="Garzón, Esteban and Golman, Roman and Jahshan, Zuher and Hanhan, Robert and Vinshtok-Melnik, Natan and Lanuzza, Marco and Teman, Adam and Yavits, Leonid",
	  journal=ACCESS,
	  year={2022},
      volume={10},
      number={},
      pages={28080-28093},
      doi={10.1109/ACCESS.2022.3158305}
}

@article{esteban2022_cryoMTJ_SSE,
    title = {{Adjusting thermal stability in double-barrier MTJ for energy improvement in cryogenic STT-MRAMs}},
    journal = {Solid-State Electronics},
    volume = {194},
    pages = {108315},
    year = {2022},
    issn = {0038-1101},
    doi = {https://doi.org/10.1016/j.sse.2022.108315},
    url = {https://www.sciencedirect.com/science/article/pii/S0038110122000879},
    author = "Esteban Garzon and Raffaele {De Rose} and Felice Crupi and Lionel Trojman and Teman, Adam and Marco Lanuzza",
}

@article{harel2022_Rosetta_SSCL,
	  title={{64kB 65nm GC-eDRAM with Half-Select Support and Parallel Refresh Technique}},
	  author="Harel, Odem and Casarrubias, Emmanuel Nieto and Eggimann, Manuel and G{\"u}rkaynak, Frank and Benini, Luca and  Teman, Adam and Giterman, Robert and Burg, Andreas",
	  journal=SSCL,
	  year={2022},
      volume={5},
      number={},
      pages={170-173},
      doi={10.1109/LSSC.2022.3182531}
	}

	
@article{leonid2022_AIDA_Micro,
	  title={{AIDA: Associative In-memory Deep learning Accelerator}},
	  author="Garzón, Esteban and  Teman, Adam and Lanuzza, Marco and Yavits, Leonid",
	  journal=IEEE_MICRO,
	  year={2022},
        volume={42},
        number={6},
        pages={67-75},
        doi={10.1109/MM.2022.3190924}
	}	


@inproceedings{kra2022ISSCC_SRP,
	title={{A 497 fJ/Mac Wave Propagation Based 8G MAC/sec Dot-Product Accelerator}},
	author="Kra, Yehuda and Teman, Adam",
	booktitle=ISSCC,
	series = {ISSCC '22 Student Research Preview (SRP)},
	year={2022},
    volume={},
    number={},
    month={Feb}
}

@inproceedings{garzon2022_ISCAS_LBN,
  title={{A RISC-V-Based Research Platform for Rapid Design Cycle}},
  author="Garzon, Esteban and Golman, Roman and Harel, Odem and Noy, Tzachi and Kra, Yehuda and Pollock, Asaf and Yuzhaninov, Slava and Shoshan, Yonatan and Rudin, Yehuda and Weitzman, Yoav and Lanuzza, Marco and Teman, Adam",
  booktitle=ISCAS,
  series={Late Breaking News},
  year={2022},
  month={May},
  volume={},
 number={},
 pages={2614-2615},
 doi={10.1109/ISCAS48785.2022.9937866}
}

@inproceedings{kra2022_ISCAS_LBN,
  title={{Silicon-Proven Clockless Wave-Propagated Pipelining for High-Throughput, Energy-Efficient Processing}},
  author="Kra, Yehuda and Teman, Adam",
  booktitle=ISCAS,
  series={Late Breaking News},
  year={2022},
  month={May},
  volume={},
 number={},
 pages={1138-1139},
 doi={10.1109/ISCAS48785.2022.9937508}
}

@inproceedings{stanger2022_cyroDML_ISCAS,
  title={{Evaluation of Dual Mode Logic Under Cryogenic Temperatures}},
  author="Stanger, Inbal and Roknian, Noam and Shoshan, Yonatan and Levy, Zafrir and Weizman, Yoav and Charbon, Edoardo and  Teman, Adam  and Fish, Alexander",
  booktitle=ISCAS,
  year={2022},
  month={May},
  volume={},
 number={},
 pages={361-364},
 doi={10.1109/ISCAS48785.2022.9937556}
}

@inproceedings{leonid2022_EDAM_ISCA,
  title={{EDAM: Edit Distance tolerant Approximate Matching content addressable memory}},
  author="Hanhan, Robert and Jahshan, Zuher and Garzon, Esteban and Lanuzza, Marco and  Teman, Adam  and Yavits, Leonid",
  booktitle=ISCA,
  year={2022},
 }

@inproceedings{kra2022_seropt_DCIS,
  title={{SerOpt: Transistor Sizing Algorithm and Optimization Utility for Minimizing Soft Error Rate}},
  author="Kra, Yehuda and Weizman, Yoav and Teman, Adam",
  booktitle=DCIS, 
  year={2022},
  volume={},
  number={},
  pages={01-06},
  doi={10.1109/DCIS55711.2022.9970146}
 }


%%%%%%%%%%%%%%%%%%%%%%%%%%%%%%%%%
%%%%%%%%%%%% 2023 %%%%%%%%%%%%%%%
%%%%%%%%%%%%%%%%%%%%%%%%%%%%%%%%%

@article{esteban2023_am4_jetcas,
  title={{AM$^4$: MRAM Crossbar Based CAM/TCAM/ ACAM/AP for In-Memory Computing}},
  author="Garzón, Esteban and Lanuzza, Marco and  Teman, Adam and Yavits, Leonid",
  journal=JETCAS # ", Special issue on ``Unconventional Computing Techniques for Emerging Technology Applications''", 
  year={2023},
  volume={13},
  number={1},
  pages={408-421},
  doi={10.1109/JETCAS.2023.3243222}
}
  

@article{esteban2023_mtjtcam_access,
  author="Garzón, Esteban and Yavits, Leonid and Finocchio, Giovanni and Carpentieri, Mario and  Teman, Adam  and Lanuzza, Marco",
  journal=ACCESS, 
  title={{A Low-Energy DMTJ-based Ternary Content-Addressable Memory with Reliable Sub-Nanosecond Search Operation}}, 
  year={2023},
  volume={11},
  pages={16812-16819},
  doi={10.1109/ACCESS.2023.3245981}
}


@ARTICLE{esteban2023_senseamp_tcasii,
  author="Garzón, Esteban and Golman, Roman and Lanuzza, Marco and  Teman, Adam  and Yavits, Leonid",
  title={A Low-Complexity Sensing Scheme for Approximate Matching Content-Addressable Memory}, 
  journal=TCASII, 
  year={2023},
  volume={},
  number={},
  pages={1-1},
  doi={10.1109/TCSII.2023.3286257}}
  


@INPROCEEDINGS{roknian2023_cryo_LASCAS,
  author={Roknian, Noam and Shoshan, Yonatan and Stanger, Inbal and Teman, Adam and Charbon, Edoardo and Fish, Alexander},
  booktitle=LASCAS, 
  title={Overview of Cryogenic Operation in Nanoscale Technology Nodes}, 
  year={2023},
  volume={},
  number={},
  pages={1-4},
  doi={10.1109/LASCAS56464.2023.10108221}}

@INPROCEEDINGS{garzon2023_cryo_LASCAS,
  author={Garzón, Esteban and Yavits, Leonid and Teman, Adam and Lanuzza, Marco},
  booktitle=LASCAS, 
  title={STT-MRAM Technology For Energy-Efficient Cryogenic Memory Applications}, 
  year={2023},
  volume={},
  number={},
  pages={1-4},
  doi={10.1109/LASCAS56464.2023.10108316}}

@article{garzon2023chipsACAM,
  title={{Approximate Content-Addressable Memories: A Review}},
  author={Garzón, Esteban and  Yavits, Leonid  and Teman, Adam and Lanuzza, Marco},
  journal=MDPI_CHIPS,
  VOLUME = {2},
  YEAR = {2023},
  NUMBER = {2},
  PAGES = {70--82},
  URL = {https://www.mdpi.com/2674-0729/2/2/5},
  ISSN = {2674-0729},
  DOI = {10.3390/chips2020005}
}

@article{marinberg2023accessMPSCM,
  title={{Efficient Implementation of Many-Ported Memories by Using Standard-Cell Memory Approach}},
  author="Marinberg, Hanan and Garzón, Esteban and Noy, Tzachi and Lanuzza, Marco and Teman, Adam",
  journal=ACCESS,
  volume={11},
  number={},
  pages={94885-94897},
  doi={10.1109/ACCESS.2023.3310940}
}

@INPROCEEDINGS{udi2024_selfie_DATE,
  author="Kra, Yehuda and Kra, Naama and Teman, Adam",
  title={{Selfie5: An Autonomous, Self-Contained Verification Approach for High-Throughput Random Testing of Programmable Processors}}, 
  booktitle=DATE ,
  series = {DATE '24},
  year = {2024},
}


@article{hamsa-di,
  title={{HAMSA-DI: A Low-Power Dual-Issue RISC-V Core Targeting Energy-Efficient Embedded Systems}},
  author="Kra, Yehuda and Shoshan, Yonatan and Rudin, Yehuda and  Teman, Adam", 
  journal=TCASI,
  year={2023},
}
%%%%%%%%%%%%%%%%%%%%%%%%%%%%%%%%%%%
%%%%%%    In Submission     %%%%%%%
%%%%%%%%%%%%%%%%%%%%%%%%%%%%%%%%%%%





@article{chips,
  title={{IC Approximate Content-Addressable Memory}},
  author="Garzón, Esteban and  Yavits, Leonid  and  Teman, Adam and Lanuzza, Marco",
  journal={Under review in MDPI Chips.},
  year={2023},
}


@article{golman2020_multiPorted,
	title={Multi-Ported {GC-eDRAM} Bitcell with Dynamic Port Configuration and Refresh Mechanism},
	author="Golman, Roman and Giterman, Robert and  Teman, Adam", 
	journal={Under review, MDPI JLPEA},
	year={2023},
}
























