%%%% Put bibliographic entries specific to this paper here!

@inproceedings{nameYEARtitleCONFERENCE,
  title={The title},
  author="Author, First and Author, Second",
  booktitle=ISCAS,
  pages={1--10},
  year={2023},
  organization={IEEE}
}

@article{nameYEARtitleJOURNAL,
  title={The title},
  author="Author, First and Author, Second",
  journal=JSSC,
  volume={1},
  number={1},
  pages={1--10},
  year={2023},
  publisher={IEEE}
}