%%%%%%%%%%%%%%%%%%%%%%%%%%%%%%%%%%%
%%%%%%%%%%%%%% YEAR %%%%%%%%%%%%%%%
%%%%%%%%%%%%%%%%%%%%%%%%%%%%%%%%%%%

@inproceedings{nameYEARtitleCONFERENCE,
  title={The title},
  author="Yavits, Leonid and Yavits, Leonid",
  booktitle=ISCAS,
  pages={1--10},
  year={2023},
  organization={IEEE}
}

@article{nameYEARtitleJOURNAL,
  title={The title},
  author="Yavits, Leonid and Yavits, Leonid",
  journal=JSSC,
  volume={1},
  number={1},
  pages={1--10},
  year={2023},
  publisher={IEEE}
}
